@article{asvanyi2020algorithms,
  title={Algorithms and Data Structures I. Lecture Notes},
  author={{\'A}sv{\'a}nyi, Tibor},
  year={2020}
}

@misc{linus,
  title = {A Short History of Git},
  howpublished = {\url{https://git-scm.com/book/en/v2/Getting-Started-A-Short-History-of-Git}},
  note = {Accessed: 2022-05-01}
}

@misc{github,
  title = {Github},
  howpublished = {\url{https://github.com/about}},
  note = {Accessed: 2022-05-01}
}

@misc{gitlab,
  title = {About GitLab},
  howpublished = {\url{https://about.gitlab.com/company}},
  note = {Accessed: 2022-05-01}
}


@misc{node-gyp-14,
  title = {Can't be installed for Node v16},
  howpublished = {\url{https://github.com/nodegit/nodegit/issues/1840}},
  note = {Accessed: 2021-04-29}
}

@misc{node.js,
	title = {About Node.js®},
	howpublished = {\url{https://nodejs.org/en/about/}},
	note = {Accessed: 2021-04-29}
}

@misc{npm-count,
  title = {So long, and thanks for all the packages!},
  howpublished = {\url{https://blog.npmjs.org/post/615388323067854848/so-long-and-thanks-for-all-the-packages}},
  note = {Accessed: 2020-04-14}
}

@misc{blame,
  title = {Git - git-blame Documentation},
  howpublished = {\url{https://www.git-scm.com/docs/git-blame}},
  note = {Accessed: 2020-04-14}
}

@misc{yaml,
  title = {The Official YAML Web Site},
  howpublished = {\url{https://yaml.org/}},
  note = {Accessed: 2022-05-01}
}

@misc{map,
  title = {Map - JavaScript | MDN},
  howpublished = {\url{https://developer.mozilla.org/en-US/docs/Web/JavaScript/Reference/Global_Objects/Map}},
  note = {Accessed: 2022-05-01}
}

@misc{libgit2,
  title = {libgit2},
  howpublished = {\url{https://libgit2.org/}},
  note = {Accessed: 2022-05-01}
}

@misc{nodegit,
  title = {nodegit/nodegit},
  howpublished = {\url{https://github.com/nodegit/nodegit}},
  note = {Accessed: 2022-05-01}
}

@misc{yaml-pck,
	title = {yaml - npm},
	howpublished = {\url{https://www.npmjs.com/package/yaml}},
	note = {Accessed: 2022-05-01}
}

@misc{vscode,
	title = {What is the difference between Visual Studio Code and Visual Studio IDE?},
	howpublished = {\url{https://code.visualstudio.com/docs/supporting/faq}},
	note = {Accessed: 2022-05-01}
}

@misc{gitbib,
	title = {GitHub Pours Energies into Enterprise – Raises \$100 Million From Power VC Andreessen Horowitz | TechCrunch},
	howpublished = {\url{https://techcrunch.com/2012/07/09/github-pours-energies-into-enterprise-raises-100-million-from-power-vc-andreesen-horowitz/?guccounter=1&guce_referrer=aHR0cHM6Ly9lbi53aWtpcGVkaWEub3JnLw&guce_referrer_sig=AQAAAKKU1Q_5oNe26fz7ouGoGtJZNRZEgEQulVeKbLUiDqChcclgC2TpO2LQp8gjoGL0BNNxFEju2CXM0XRkcpF5NcrLqilB2PC1BtOAD7Qgc4BrXexO67vNH9Jx-ibT6Jpn0l5U9tS3xxEVDYbj-9pYTjcbyQy4th7UxvASr-8W4rJC}},
	note = {Accessed: 2022-05-01}
}

@misc{mocha,
	title = {Mocha},
	howpublished = {\url{https://mochajs.org/}},
	note = {Accessed: 2022-05-01}
}




